@misc{pitagoras,
   author = "Wikipédia",
   title = "Teorema de Pitágoras --- Wikipédia{,} a enciclopédia livre",
   year = "2016",
   url = "\url{https://pt.wikipedia.org/w/index.php?title=Teorema_de_Pit%C3%A1goras&oldid=45736176}",
   note = "[Online; acessado em 2 de Junho de 2016]"
}

@misc{calculo,
   author = "Wikipédia",
   title = "Teorema fundamental do cálculo --- Wikipédia{,} a enciclopédia livre",
   year = "2016",
   url = "\url{https://pt.wikipedia.org/w/index.php?title=Teorema_fundamental_do_c%C3%A1lculo&oldid=45766666}",
   note = "[Online; acessado em 2 de Junho de 2016]"
}

@misc{normal,
   author = "Wikipédia",
   title = "Distribuição normal --- Wikipédia{,} a enciclopédia livre",
   year = "2015",
   url = "\url{https://pt.wikipedia.org/w/index.php?title=Distribui%C3%A7%C3%A3o_normal&oldid=43481558}",
   note = "[Online; acessado em  2 de Junho de 2016]"
}

@misc{mergesort,
   author = "Wikipedia",
   title = "Merge sort --- Wikipedia{,} The Free Encyclopedia",
   year = "2016",
   url = "\url{https://en.wikipedia.org/w/index.php?title=Merge_sort&oldid=723317523}",
   note = "[Online; acessado em 2 de Junho de 2016]"
 }
